@ARTICLE{2019ApJ...873..111I,
       author = {{Ivezi{\'c}}, {\v{Z}}eljko and others},
        title = "{LSST: From Science Drivers to Reference Design and Anticipated Data Products}",
      journal = {\apj},
     keywords = {astrometry, cosmology: observations, Galaxy: general, methods: observational, stars: general, surveys, Astrophysics},
         year = "2019",
        month = "Mar",
       volume = {873},
       number = {2},
          eid = {111},
        pages = {111},
          doi = {10.3847/1538-4357/ab042c},
archivePrefix = {arXiv},
       eprint = {0805.2366},
 primaryClass = {astro-ph},
       adsurl = {https://ui.adsabs.harvard.edu/abs/2019ApJ...873..111I},
      adsnote = {Provided by the SAO/NASA Astrophysics Data System}
}

@misc{LDM-542,
  author =       {Gregory Dubois-Felsmann and Kian-Tat Lim and Xiuqin Wu and Frossie Economou and Fritz Mueller and Brian Van Klaveren and Kenny Lo},
  title =        "{LSST Science Platform Design}",
  year =         2017,
  url = {https://ls.st/LDM-542},
  note =       {LSST Project, LDM-542},
}

@misc{LDM-554,
  author =       {Gregory Dubois-Felsmann and David Ciardi and Fritz Mueller
                  and Frossie Economou},
  title =        "{Science Platform Requirements}",
  year =         2018,
  month =        jun,
  handle =       {LDM-554},
  publisher =     {LSST},
  url = {https://ls.st/LDM-554},
  note =       {LSST Project, LDM-554},
}

@misc{LSE-319,
  author =       {M. Juri\'c and D. Ciardi and G.P. Dubois-Felsmann and L.P. Guy},
  title =        "{LSST Science Platform Vision Document}",
  year =         2019,
  month =        jul,
  handle =       {LSE-319},
  publisher =     {LSST},
  url = {https://ls.st/LDM-319},
  note =       {LSST Project, LDM-319},
}
